<record><leader>00000cas a22000007a 4500</leader><controlfield tag="001">13241557</controlfield><controlfield tag="008">860305d19221978wvudr ne      0    0eng d</controlfield><controlfield tag="009">6116</controlfield><datafield ind1=" " ind2=" " tag="010"><subfield code="a">sn 86092346 </subfield></datafield><datafield ind1=" " ind2=" " tag="040"><subfield code="a">WVC</subfield><subfield code="b">eng</subfield><subfield code="c">WVC</subfield><subfield code="d">DLC</subfield><subfield code="d">OCL</subfield></datafield><datafield ind1="1" ind2=" " tag="029"><subfield code="a">AU@</subfield><subfield code="b">000025800199</subfield></datafield><datafield ind1=" " ind2=" " tag="042"><subfield code="a">msc</subfield></datafield><datafield ind1="0" ind2="0" tag="050"><subfield code="a">Newspaper 10202</subfield></datafield><datafield ind1="0" ind2=" " tag="130"><subfield code="a">Hinton daily news (Hinton, W.Va. : 1922)</subfield></datafield><datafield ind1="0" ind2="0" tag="245"><subfield code="a">Hinton daily news.</subfield></datafield><datafield ind1="0" ind2="7" tag="246"><subfield code="a">Hinton daily news and leader</subfield></datafield><datafield ind1=" " ind2=" " tag="260"><subfield code="a">Hinton, W. Va. :</subfield><subfield code="b">[s.n.],</subfield><subfield code="c">1922-1978.</subfield></datafield><datafield ind1=" " ind2=" " tag="300"><subfield code="a">v. :</subfield><subfield code="b">ill. ;</subfield><subfield code="c">60 cm.</subfield></datafield><datafield ind1=" " ind2=" " tag="310"><subfield code="a">Daily</subfield></datafield><datafield ind1=" " ind2=" " tag="321"><subfield code="a">Daily (except Sun.)</subfield><subfield code="b">&lt;Apr. 13-14, 1945-Nov. 29, 1952&gt;</subfield></datafield><datafield ind1="0" ind2=" " tag="362"><subfield code="a">Vol. 20, no. [121] (Sept. 25, 1922)-76th yr., (June 16, 1978).</subfield></datafield><datafield ind1=" " ind2=" " tag="500"><subfield code="a">Nov. 29, 1952 issue called also "Hinton's mid-century edition."</subfield></datafield><datafield ind1=" " ind2=" " tag="500"><subfield code="a">"Democratic." Cf. Ayer, 1979.</subfield></datafield><datafield ind1=" " ind2=" " tag="500"><subfield code="a">Editor: Jack R. Reed.</subfield></datafield><datafield ind1=" " ind2=" " tag="752"><subfield code="a">United States</subfield><subfield code="b">West Virginia</subfield><subfield code="c">Summers</subfield><subfield code="d">Hinton.</subfield></datafield><datafield ind1="0" ind2="0" tag="780"><subfield code="t">Hinton daily news and leader</subfield><subfield code="w">(DLC)sn 86092345</subfield></datafield><datafield ind1="0" ind2="0" tag="785"><subfield code="t">Hinton news</subfield><subfield code="w">(DLC)sn 86092302</subfield></datafield></record>